<record><leader>00000cas a22000007a 4500</leader><controlfield tag="001">12515325</controlfield><controlfield tag="008">850907d187018uugauwr ne      0    0eng d</controlfield><datafield ind1=" " ind2=" " tag="010"><subfield code="a">sn 85034174 </subfield></datafield><datafield ind1=" " ind2=" " tag="040"><subfield code="a">NPU</subfield><subfield code="b">eng</subfield><subfield code="c">NPU</subfield><subfield code="d">OCLCQ</subfield></datafield><datafield ind1=" " ind2=" " tag="042"><subfield code="a">msc</subfield></datafield><datafield ind1="0" ind2=" " tag="130"><subfield code="a">Southern times &amp; planter (Sparta, Ga. : 1870)</subfield></datafield><datafield ind1="1" ind2="0" tag="245"><subfield code="a">Southern times &amp; planter.</subfield></datafield><datafield ind1="3" ind2="0" tag="246"><subfield code="a">Southern times and planter</subfield></datafield><datafield ind1="1" ind2="3" tag="246"><subfield code="a">Times &amp; planter</subfield></datafield><datafield ind1=" " ind2=" " tag="260"><subfield code="a">Sparta, Ga. :</subfield><subfield code="b">Little, Harris &amp; Co.</subfield></datafield><datafield ind1=" " ind2=" " tag="300"><subfield code="a">v. ;</subfield><subfield code="c">64 cm.</subfield></datafield><datafield ind1=" " ind2=" " tag="310"><subfield code="a">Weekly</subfield></datafield><datafield ind1="1" ind2=" " tag="362"><subfield code="a">Began in 1870.</subfield><subfield code="z">Cf. Rowell, 1873.</subfield></datafield><datafield ind1=" " ind2=" " tag="500"><subfield code="a">Editors: F.L. Little, N.E. Harris, &lt;1873&gt;.</subfield></datafield><datafield ind1=" " ind2=" " tag="588"><subfield code="a">Description based on: Vol. 7, no. 15 (May 3, 1873).</subfield></datafield><datafield ind1=" " ind2=" " tag="752"><subfield code="a">United States</subfield><subfield code="b">Georgia</subfield><subfield code="c">Hancock</subfield><subfield code="d">Sparta.</subfield></datafield><datafield ind1="1" ind2=" " tag="029"><subfield code="a">AU@</subfield><subfield code="b">000025838480</subfield></datafield></record>